1757 3232
645 1177 729 1247 L.
770 1176 837 1247 B.
883 1170 953 1250 5.

259 1278 446 1368 prater
473 1323 731 1372 innumeros
771 1321 881 1370 ‘alios
923 1318 1150 1370 thesauros
1197 1336 1351 1370 rerum

251 1397 541 1451 naturalium,
573 1413 680 1461 quas
702 1399 780 1443 Vir
803 1398 1200 1465 Experientiffimus
1219 1412 1352 1459 atque

250 1470 519 1520 dostiffimus
546 1469 773 1518 Boltenius
795 1474 955 1519 Medic.
976 1473 1108 1520 Dotst.
1138 1477 1184 1518 &
1213 1470 1355 1517 Polia-

250 1562 320 1594 ter
344 1549 601 1610 primarius,
637 1548 694 1594 de
713 1547 938 1610 republica
959 1547 1171 1594 litteraria
1189 1547 1356 1611 paritet·

251 1639 386 1689 atque
416 1627 539 1674 civili
583 1625 816 1688 universa,
849 1628 912 1672 -in
958 1629 1110 1690 primis
1148 1641 1258 1673 vero
1298 1621 1356 1668 de

251 1701 581 1768 Hamburgenfi
598 1719 813 1751 aeternum
837 1706 1121 1768 promeritus,
1148 1720 1228 1766 per
1246 1714 1357 1763 qua-

251 1776 454 1842 draginta
486 1795 626 1825 annos
657 1778 923 1843 eollegerat,
971 1777 1225 1825 immensam
1255 1780 1360 1825 reli·-

252 1858 350 1919 quit
369 1855 721 1916 conchyliorum,
742 1871 903 1918 magna
927 1871 979 1901 ex
992 1852 1360 1918 parterariffimo-

250 1947 352 1979 rum
375 1947 627 1994 eorumque
646 1929 1087 1994 splendidiffimorum
1110 1935 1156 1979 δε
1188 1932 1358 1994 optime

252 2005 619 2055 conservatorum
644 2005 974 2072 supellectilem.

367 2084 508 2129 Cuius
553 2081 746 2128 indicem
799 2079 1119 2145 systematicum
1166 2078 1224 2129 ab
1268 2077 1362 2144 ipso

253 2159 387 2206 beato
415 2156 647 2222 possessore
667 2173 804 2223 quam
822 2156 1151 2224 diligentiffime
1187 2155 1363 2205 curatis-

249 2237 360 2284 fime
381 2252 471 2298 que
485 2234 760 2283 elaboratum
782 2236 950 2283 edituri
980 2236 1169 2284 heredes
1186 2236 1229 2280 id
1253 2236 1362 2281 mihi

256 2315 424 2375 negotii
445 2313 690 2365 dederunt,
723 2324 772 2357 ut
803 2328 829 2357 a
858 2315 968 2359 Viro
1002 2310 1209 2360 universa:
1232 2310 1361 2359 histo-

255 2391 330 2435 riae
355 2387 564 2433 naturalis
593 2385 833 2452 praesertim
866 2401 977 2433 vero
1000 2386 1360 2449 conchyliologiae

256 2461 572 2516 amantlffim0‚
628 2460 980 2526 petitiffimoque
1015 2462 1150 2509 Petro
1185 2462 1365 2510 Friede-

254 2543 349 2587 rico
369 2542 742 2605 Roedinglmagna
761 2539 951 2589 sollertia
971 2538 1162 2589 revisum
1179 2546 1222 2588 &
1236 2542 1363 2604 syno-

256 2619 404 2677 nymia
417 2617 709 2684 locupletiore
732 2618 915 2665 adsueta
924 2635 983 2673 m,
1004 2615 1130 2666 brevi
1142 2617 1364 2685 praefatio-

816 2697 860 2761 )'(
896 2716 922 2747 a
1305 2717 1365 2751 ne
